@Book{RobertsChapin2017,
  author    = {Mike Roberts and John Chapin},
  title     = {What is Serverless?},
  year      = {2017},
  date      = {2017-05-24},
  subtitle  = {Unterstanding the Latest Advances in Cloud and Service-Based Architecture},
  publisher = {O'Reilly Media, Inc. CA, US},
  isbn      = {978-1-491-98416-1},
  groups = {Serverless General}
}

