@Misc{cta,
  title = "CTAN-FTP-Server",
  author = "Comprehensive TeX Archive Network",
  note = "verf√ºgbar unter \url{ftp://ftp.dante.de/tex-archive}; Letzter Zugriff am 19.11.2012",
  year = "2002"
}

@Techreport{bsi76,
  author =       "BSI",
  title =        "Bibliographic References",
  institution =  "British Standards Institution",
  year =         "1976",
  type =         "BS",
  number =       "1629",
}

@Article{how66,
  author =       "W. W. Howells",
  title =        "Population Distances: Biological, Linguistic,
                 Geographical and Environmental",
  journal =      "Current Anthropology",
  volume =       "7",
  pages =        "531--540",
  year =         "1966",
}

@Incollection{han67,
  author =       "C. W. Hanson",
  title =        "Subject inquiries and literature searching",
  booktitle =    "Handbook of special librarianship and information
                 work",
  editor =       "W. Ashworth",
  year =         "1967",
  edition =      "3rd",
  pages =        "414--452",
}

@Book{hoe71,
  author =       "Paul Gerhard Hoel",
  title =        "Elementary Statistics",
  publisher =    "Wiley",
  year =         "1971",
  series =       "Wiley series in probability and mathematical
                 statistics",
  address =      "New York, Chichester",
  edition =      "3rd",
  note =         "ISBN 0~471~40300",
}

@Inbook{hoe71b,
  author =       "Paul Gerhard Hoel",
  title =        "Elementary Statistics",
  publisher =    "Wiley",
  year =         "1971",
  series =       "Wiley series in probability and mathematical
                 statistics",
  address =      "New York, Chichester",
  edition =      "3rd",
  note =         "ISBN 0~471~40300",
  pages =        "19--33",
}

@Manual{bsi73,
  author =       "BSI",
  title =        "Natural Fibre Twines",
  organization = "British Standards Institution",
  address =      "London",
  edition =      "3rd",
  year =         "1973",
  note =         "BS 2570",
}

@Unpublished{exc34,
  author =       "Exchequer",
  year =         "1634--1639",
  title =        "Act books",
  note =         "Edinburgh, Scottish Record Office, E.4/5",
}

@Phdthesis{cro78,
  author =       "W. B. Croft",
  year =         "1978",
  title =        "Organizing and searching large files of document
                 descriptions",
  school =       "Cambridge University",
}

@Inproceedings{cha64,
  author =       "K. E. Chave",
  year =         "1964",
  title =        "Skeletal durability and preservation",
  booktitle =    "Approaches to paleoecology",
  editor =       "J. Imbrie and N. Newel",
  address =      "New York",
  publisher =    "Wiley",
  pages =        "377--87",
}

@Misc{hun76,
  author =       "Horace [pseud.] Hunt",
  title =        "Interview",
  year =         "1976",
  howpublished = "Tape recording, Pennsylvania Historical and Museum
                 Commission, Harrisburg",
  note =         "Interview by {Ronald Schatz, 16 May 1976}",
}
