@Book{kop02,
  title =        "Latex I. Einführung",
  author =       "Helmut Kopka",
  publisher =    "Pearson Studium",
  year =         "2002",
}

@Misc{lat12,
  title = "{LaTeX - Wikibooks}",
  year = "2012",
  howpublished = "\url{http://en.wikibooks.org/wiki/LaTeX}"
}

@Misc{jue00,
  title = "{LaTeX - eine Enführung und ein bißchen mehr...}",
  author = "Andrea Jürgens",
  publisher = "FernUniversität Hagen",
  year = "2000",
  howpublished = "\url{ftp://ftp.fernuni-hagen.de/pub/pdf/urz-broschueren/broschueren/a0260911.pdf}"
}

@Misc{jue95,
  title = "{LaTeX - Fortgeschrittene Anwendungen}",
  author = "Andrea Jürgens",
  publisher = "FernUniversität Hagen",
  year = "1995",
  howpublished = "\url{ftp://ftp.fernuni-hagen.de/pub/pdf/urz-broschueren/broschueren/a0279510.pdf}"
}

@Misc{erb09,
  title = "{Diplomarbeit mit LaTeX}",
  author = "Erbsland, Tobias and Nitsch, Andreas",
  year = "2009",
  howpublished = "\url{http://drzoom.ch/diplomarbeit-mit-latex.html}"
}

@Misc{kue11,
  title = "{LaTeX--Einführung für Doktoranden bzw. Ingenieure}",
  author = "Manuel Kühner",
  year = "2011",
  howpublished = "\url{http://bipede.de/Downloads/LaTeX-Kurs/Kurs-Folien_2011-11-17.pdf}"
}