% Encoding: UTF-8

@Book{Kopka2003,
  title     = {Guide to LaTeX},
  publisher = {Addison-Wesley Professional},
  year      = {2003},
  author    = {Helmut Kopka and Patrick W. Daly},
  edition   = {4th Edition},
  isbn      = {978-0321173850},
}

@Misc{lat12,
  title = "{LaTeX - Wikibooks}",
  year = "2012",
  howpublished = "\url{http://en.wikibooks.org/wiki/LaTeX}"
}

@Comment{jabref-meta: databaseType:bibtex;}
